%%   Saharon Shelah's bibliography
%% (public version of listb.bib)
% generated on:  19 Sep 2016,   9:44 GMT


% Disclaimer:   This bibliography has its
% own idiosyncrasies.   For example, all titles
% are enclosed in double braces, thus ensuring that capitalization
% is maintained.    Also: even unpublished papers will be
% called "article".


@book{Stallings,
author = {Stallings, William},
title = {Computer Organization and Architecture},
volume = {5},
publisher = {Prentice Hall},
year = {1999},
},
@book{Hennessy,
	author = {Hennessy, John L. and Patterson, David A.},
	title = {Arquitetura de Computadores},
	subtitle = {Uma Abordagem Quantitativa},
	volume = {1},
	edition = {4},
	publisher = {Elsevier},
	year = {2008},
},
@book{Tanenbaum,
	author = {Tanenbaum, Andrew S.},
	title = {Organização Estruturada de Computadores},
	volume = {1},
	edition = {5},
	publisher = {Pearson},
	year = {2007},
},
@book{Monteiro,
	author = {Monteiro, Mario A.},
	title = {Introdução à Organização de Computadores},
	volume = {1},
	edition = {5},
	publisher = {LTC},
	year = {2010},
},
